@book{adams1995hitchhiker,
  title={The Hitchhiker's Guide to the Galaxy},
  author={Adams, D.},
  isbn={9781417642595},
  url={http://books.google.com/books?id=W-xMPgAACAAJ},
  year={1995},
  publisher={San Val}
}


@book{adams94knot, 
    title={Knot Book},
    publisher={W.H. Freeman},
    author={Adams, Colin},
    year={1994}
}


@book{winter95genetic,
	author    = {G. Winter and J. Periaux and M. Galan and P. Cuesta},
	title     = {Genetic Algorithms in Engineering and Computer
	Science},
	publisher = {John Wiley and Sons},
	address   = {Chickester, England},
	year      = {1995}
}


@misc{numberphile_2017, 
    title={Pascal's Triangle - Numberphile},
    url={https://www.youtube.com/watch?v=0iMtlus-afo},
    journal={YouTube},
    publisher={YouTube},
    author={numberphile},
    year={2017},
    month={Mar}
}
